2692 4972
499 340 644 459 1'7'

67 606 113 652 tur
130 594 217 653 verba
234 610 311 670 quae
329 580 444 649 eSnida
462 593 499 650 de
513 591 640 648 Demade
658 593 755 650 retulit
764 593 890 651 Endocia
909 596 940 650 in
956 598 1055 654 anecd.

65 706 157 763 graec.
184 689 228 745 ed.
260 688 383 743 d'hnssa
410 686 447 757 de
476 686 624 742 Villciscn
651 689 687 740 T.
696 688 719 741 1.
747 703 811 760 pag.
824 696 884 746 131.
930 688 1056 762 Δημάδης

63 779 213 852 Ἀθηναῖος
235 781 327 859 ῥήτωρ
357 779 477 851 ἔγραψεν
501 774 688 851 άπολογιομάν
715 778 786 852 mede
809 777 983 852 Ὀλυμπιάδος
1006 778 1056 852 τῆς

62 873 158 929 ἑαυτοῦ
180 871 368 949 δωδεκοιοτίας·
392 869 515 942 ternplum
531 877 594 944 περὶ
613 868 703 941 Δήλοο
721 881 768 926 καὶ
791 873 838 943 τῆς
855 879 981 946 γενέσεως
998 874 1057 929 τάν

63 964 112 1035 τῆς
123 962 235 1036 Λητοάς
245 961 360 1020 παίδων.
373 963 430 1018 ἔστι
445 960 474 1018 δὲ
485 971 530 1019 καὶ
544 964 632 1033 ἕτερος
645 956 777 1035 Δημάδης,
795 963 944 1036 Λακιάδης,
961 960 1056 1037 Ἀθη-

61 1065 140 1115 οαῖος
153 1053 251 1131 ῥήτωρ.
281 1045 357 1111 'Nam
370 1057 441 1111 haec
458 1074 575 1131 quoque
594 1056 666 1113 duos
681 1067 793 1112 tantum
806 1067 936 1117 recenset
947 1062 1055 1115 Deme·
1116 1104 1119 1109 .

62 1152 122 1208 des.
159 1152 287 1213 Eandem
305 1151 431 1225 denique
445 1149 638 1233 comprobant
654 1149 726 1205 haec
735 1149 824 1207 rerba
841 1150 933 1224 ipsius
949 1152 1055 1210 Suidae

64 1240 186 1316 Δημάδης
195 1242 345 1313 Λακιάδης,
358 1238 514 1315 Ἀθηναῖος
528 1244 627 1316 ῥήτωρ.
645 1238 742 1300 τοῦτον
756 1239 951 1314 εἷςεποίηοενδ
968 1240 1054 1320 πρά-

62 1354 164 1408 aanor
176 1335 318 1408 Δημάδης.
337 1352 404 1391 cum
421 1334 455 1403 is,
475 1336 501 1392 si
518 1335 576 1417 iam
588 1335 624 1390 de
638 1334 751 1415 dachus
768 1339 884 1393 locutus
895 1347 976 1409 esset,
995 1356 1055 1394 non

63 1427 80 1485 ὅ
98 1435 228 1503 πρότερος
242 1429 368 1496 dixisset,
387 1428 438 1484 sed
448 1426 557 1503 πρῶτος
574 1429 623 1486 vel
635 1424 767 1495 δεύτερος.
802 1432 886 1486 Hanc
899 1429 957 1495 iani
970 1440 1053 1487 antea

62 1519 262 1596 adprobavisse
287 1521 480 1579 'coniecturam
502 1520 740 1599 videtur'Menrs.
759 1521 790 1576 in
807 1522 946 1603 Biblicth.
967 1523 1052 1580 Attic.

61 1614 116 1673 lib.
125 1612 161 1677 ΙΙ.
180 1634 224 1689 ap.
243 1617 371 1672 Gronov.
388 1616 527 1672 Thesaur.
545 1613 680 1690 antiquit.
698 1618 796 1679 Graec.
814 1619 849 1674 Τ.
860 1621 900 1678 Χ.
919 1634 950 1690 p.
963 1614 1053 1686 titt„

62 1708 113 1782 qui
131 1708 248 1783 quidem
266 1719 419 1784 postquam
438 1707 528 1780 priori
539 1707 663 1763 Demadi
682 1704 871 1782 άπολογιομόν
887 1717 951 1783 περὶ
969 1708 1054 1768 δωδε-

59 1805 170 1857 καετίας
179 1811 208 1858 et
226 1800 350 1875 ἱστορίαν
357 1809 419 1876 περὶ
431 1801 521 1871 Δήλου
538 1800 652 1876 aliaque
661 1799 765 1874 tribuit
777 1801 1053 1875 secundumtsuidae

52 1893 261 1974 narrationem,
281 1896 317 1952 de
336 1898 424 1951 altero
442 1892 481 1949 ita
498 1893 604 1969 pergit:
633 1894 749 1962 „Huius
766 1893 846 1952 filius
872 1895 1054 1969 adoptativus

10 1991 12 1995 '
59 1986 137 2054 ,iiait
153 1988 292 2043 Demades
304 1984 339 2042 ll.
361 1986 429 2043 item
448 1994 550 2043 orator.
564 1985 666 2042 Suidas
684 1987 722 2041 de
740 2003 775 2042 eo
794 1983 924 2058 Δημάδης
940 1970 1054 2044 Acerd-

18 2090 21 2095 “
61 2077 136 2149 ,,δης,
155 2076 306 2150 Ἀθηναῖος
316 2081 416 2153 ῥήτωρ.
439 2079 535 2138 coires
548 2077 718 2150 εἰσεποίησεν
735 2077 752 2134 c‘
769 2077 901 2154 πρότερος
911 2061 1051 2152 Δημάδης.
1107 2128 1110 2136 ,

59 2173 130 2241 ,,Δη
148 2173 219 2247 quid
237 2172 397 2246 scripserit,
424 2174 519 2230 minus
537 2182 662 2240 certum,
686 2181 714 2226 et
731 2171 789 2226 iam
820 2171 963 2230 Ciceronis
981 2182 1052 2230 tem·

37 2292 40 2296 v
60 2282 153 2339 „pore
170 2269 253 2320 nulla
268 2265 360 2339 ipsius
378 2266 482 2339 scripta
497 2263 658 2325 exstabant,
694 2267 829 2321 'restatur
842 2266 893 2321 ille
906 2265 938 2321 in
948 2269 1052 2324 Brutos

53 2343 175 2428 '„Huic
192 2359 394 2431 Hyperides
427 2357 614 2431 proximus
639 2366 671 2412 et
693 2353 899 2414 Aeschines
926 2355 995 2415 tuit
1019 2370 1054 2416 et

59 2457 281 2526 „Lycurgus
300 2461 334 2507 et
353 2450 556 2507 Dinarchus
574 2459 608 2506 et
626 2448 775 2508 isculns
791 2453 1053 2509 nulla'exstant

61 2545 228 2623 „scripta
248 2545 430 2599 Demades.
461 2546 535 2598 liam
560 2543 596 2599 da
618 2525 745 2599 Demade
768 2537 894 2600 secunde
912 2542 1077 2617 capienda,

59 2639 133 2701 ..ista
151 2635 254 2704 verba,
280 2654 346 2691 cnm
365 2637 445 2710 prior
471 2635 626 2707 scripserit.
664 2633 858 2709 Quintilianus
881 2633 1053 2708 simpliciter

59 2731 119 2800 „ait
136 2731 213 2785 nihil
230 2716 370 2802 scriptum
389 2729 539 2804 reliquisse
552 2732 618 2797 ΧΠ,
638 2735 682 2792 10.
712 2729 814 2786 liuius
831 2727 908 2786 lilius
919 2733 1050 2798 Demeas,

59 2824 164 2892 „etiam
187 2834 287 2883 orator.
330 2810 374 2878 De
396 2822 509 2894 scriptis
535 2823 599 2878 eius
623 2822 698 2877 nihll
727 2827 869 2884 constat.⁴‘
905 2826 948 2879 lta
971 2823 1051 2878 enim

57 2917 202 2973 Meursins
220 2915 401 2971 difficultates
426 2917 524 2970 tollere
542 2912 726 2981 existimavit,
746 2932 819 2988 qnae
837 2914 904 2971 inde
920 2913 1052 2970 oriuntur

57 3012 135 3087 quod
156 3010 254 3068 Cicero
272 3018 300 3064 et
312 3007 497 3079 Quintllanus
514 3008 591 3062 nihil
609 3026 676 3063 eum
694 3006 794 3079 scripti
811 3007 962 3089 reliquisse
984 3025 1051 3062 nar-

56 3113 210 3172 ravemnt3
229 3121 287 3176 quo
306 3101 411 3156 tactum
431 3109 474 3155 est
490 3109 522 3154 ut
537 3099 727 3174 fragmentum
737 3099 874 3156 cretionis
885 3107 949 3171 περὶ
967 3089 1071 3158 torte

63 3200 173 3252 καεοιάς
190 3195 265 3251 sitne
284 3212 300 3249 a
323 3191 458 3251 Demade,
472 3191 611 3264 scriptum
637 3194 747 3260 annbn,
772 3175 897 3248 dubitari
917 3192 1050 3266 potnerit.

57 3293 243 3358 Eamautem‚
264 3303 351 3361 qnam
368 3286 419 3340 ille
437 3284 503 3340 iniit
519 3275 839 3359 explicandiraticnem,
859 3300 976 3358 prorsus
992 3303 1052 3340 non

32 3408 36 3413 ·
57 3379 236 3437 tolerabilem
254 3397 324 3449 esse,
344 3379 401 3433 iam
421 3378 489 3432 inde
507 3388 592 3451 patet,
611 3377 689 3454 quud
709 3381 810 3451 procul
829 3376 929 3451 dubio,
948 3376 1052 3436 si'non

57 3475 94 3530 de
113 3471 217 3529 celebri
236 3471 361 3526 Demade
379 3470 474 3549 dicere
490 3472 651 3528 voluissent
669 3471 767 3529 Cicero
785 3467 1050 3546 Quintilianusque‚

49 3567 108 3625 sed
128 3567 164 3620 de
183 3565 280 3638 ignoto
298 3573 329 3620 et
347 3563 469 3620 obscure
487 3546 614 3639 enodem
631 3562 759 3620 eiusdem
777 3563 904 3621 nominis
921 3564 1050 3636 homine,
1104 3610 1113 3629 ,

13 3668 16 3675 ·
37 3670 40 3675 ·
58 3640 190 3731 prblecto
208 3656 266 3711 alia
282 3645 472 3725 addidissent,
492 3657 597 3735 quibus
628 3657 800 3733 ambiguitas
821 3657 966 3716 vitaretur.
1003 3657 1051 3712 Ad

29 3822 32 3827 Ι
56 3736 267 3817 haec'accedit,
287 3749 364 3824 qnod
384 3750 440 3805 alie
459 3754 558 3822 multa,
577 3768 651 3825 quae
669 3751 757 3806 iidem
773 3752 998 3806 commemorent
1015 3750 1052 3807 de
1092 3761 1096 3764 ⁴

31 3843 197 3911 Demade,
212 3859 283 3899 ·n0n
301 3843 332 3897 in
350 3843 430 3897 hunc
448 3843 496 3899 scd
516 3843 547 3897 in
573 3844 658 3901 illurn
677 3845 827 3917 quadrant·
863 3843 905 3904 Gi.
926 3843 984 3922 Cic.
1004 3843 1051 3899 Or·
1158 3845 1161 3851 ’

32 3968 37 3977 ,
57 3937 102 3994 26.
111 3935 233 4011 Quintil.
242 3933 278 4007 11„
290 3943 333 4003 17,
350 3942 392 3994 1⁰.
410 3939 470 3990 Hac
480 3937 567 4007 igitur
575 3953 662 3992 causa
679 3937 821 3993 adductus
838 3952 904 3992 sum
918 3944 951 3990 ut
968 3952 1052 4008 prae*

56 4039 100 4084 ter
121 4029 206 4085 illum
224 4046 241 4083 a
258 4029 430 4085 Ruhnkenio
448 4039 607 4087 correctum
624 4030 698 4087 elios
721 4030 754 4085 in
770 4030 827 4086 hcc
850 4032 915 4085 lccc
942 4044 1052 4085 errores

54 4122 151 4180 inesse
168 4121 292 4191 credam,
316 4120 505 4198 quiquidem
524 4140 585 4178 non
603 4132 661 4185 tam
679 4142 696 4178 a
718 4122 854 4195 gravibus
878 4118 1051 4196 quibusdem

56 4213 243 4285 librariorum
261 4213 400 4290 peccatis,
420 4233 506 4289 qrram
526 4215 655 4290 patinea
681 4227 748 4275 ncta
767 4216 817 4272 ille
834 4213 940 4270 Suidae
957 4212 1053 4289 negti⁴

548 4330 551 4337 ’
821 4310 838 4362 2

505 4474 523 4511 ¹„

1158 4362 1284 4411 ,i¹
