2692 4972
471 480 474 486 .
507 417 531 492 t

415 527 623 538 -nn—-n—-a

8 618 117 686 ‹citari
134 619 289 716 solebant,
312 619 439 687 domurn
462 620 629 704 redierant,
652 622 767 692 divitiis
783 623 909 717 quidem
923 622 1046 719 magnis

8 729 89 812 ucti,
124 744 157 796 at
177 718 346 819 sceleribus
380 729 483 798 omnis
502 732 630 822 generis
655 733 876 831 contaminati,
908 733 1044 805 relicuos

9 843 73 907 ssves
92 839 287 921 inliciebant;
311 854 342 908 et
358 834 627 936 baec'praecipua
647 843 706 914 fuit
721 866 818 914 causa
833 870 887 914 cnr
906 844 983 914 inde
1003 844 1045 914 ab
1075 908 1079 919 .

8 950 30 1019 5
56 965 199 1043 tempore
219 973 315 1043 saepe
330 954 430 1044 'penes
448 949 588 1044 privatos
607 962 713 1023 tautae
729 968 836 1026 essent
855 953 992 1038 divitiae,
1011 967 1047 1025 ut

9 1082 132 1127 ssorum
158 1061 271 1128 doinus
292 1086 361 1137 cum
383 1060 533 1129 aediliciis
554 1062 688 1155 publicis
712 1064 751 1132 de
766 1064 999 1156 magnificentia
1013 1078 1046 1134 et

9 1168 159 1265 plendore
183 1186 302 1239 certare
319 1172 519 1263 possent¹¹).
567 1172 736 1245 Postremo
752 1174 830 1242 fides
846 1173 959 1259 fracta,
981 1174 1045 1243 ius·
1070 1222 1099 1267 ,¹

40 1280 155 1348 andorn
180 1281 370 1365 laesum¹²),
391 1279 503 1372 religio
528 1270 688 1374 neglecte,
716 1284 824 1353 omnia
847 1308 927 1382 quae
953 1299 1047 1355 autea
1085 1345 1113 1355 ,.

9 1304 83 1460 lbra
107 1389 318 1486 habebantur,
346 1390 458 1473 irrisa,
486 1418 543 1461 uec
562 1391 816 1488 defuernut‘qni,
842 1409 970 1488 accepta
990 1419 1045 1489 pe·

9 1501 98 1585 tinia,
120 1501 298 1594 proditores
319 1485 441 1596 patriae
463 1518 495 1570 et
515 1527 586 1572 osse
606 1519 638 1572 et
658 1503 815 1575 nominari
840 1528 908 1577 uon
933 1502 1045 1575 erube·

9 1628 124 1698 terent
749 1611 753 1623 '
948 1676 951 1684 .
1049 1614 1053 1625 ’

76 1720 253 1815 Postquam
270 1738 389 1806 antem,
411 1720 495 1790 bello
515 1746 606 1792 sacro
624 1739 745 1807 exorto,
768 1746 852 1809 arae,
873 1722 946 1811 foci,
969 1725 1045 1794 deu·

9 1836 58 1901 tim
81 1831 211 1901 delubra
224 1847 377 1928 temerata
393 1856 429 1901 ac
445 1832 564 1903 violata
580 1851 653 1903 sunt
664 1837 723 1919 ¹⁸),
745 1851 776 1906 et
791 1834 924 1903 militum
943 1836 1045 1905 cuius·

10 1932 43 2010 is‘
53 1924 178 2034 linguae
191 1959 222 2010 et
236 1944 366 2036 originis
378 1943 486 2011 turbae
497 1943 765 2036 sanguinolentae,
779 1969 874 2014 coeco
884 1947 1001 2041 impetn
1015 1959 1048 2016 et

9 2052 76 2121 abiu
92 2054 275 2136 concitatae,
291 2078 347 2147 spe
367 2053 570 2147 pecuniarum
586 2053 806 2148 potiundarum
822 2055 1047 2141 inflammatae,

10 2166 150 2256 bstr‘erna
166 2163 351 2232 collabentis
368 2162 558 2256 reipublicae
573 2179 796 2234 concusserunt
812 2164 922 2250 fulcra,
944 2165 1046 2260 pieta·
1087 2181 1097 2193 ³

10 2278 156 2365 lmaeerga
174 2274 267 2356 deos,
290 2271 393 2339 nullus
417 2271 559 2367 prolecto
580 2271 639 2341 init
658 2274 729 2341 linis
747 2299 838 2367 quom
859 2276 1000 2369 pravitas
1017 2290 1048 2343 ct

10 2365 117 2454 leoniia
133 2408 199 2450 non
211 2383 383 2465 excederet,
404 2380 448 2448 ita
468 2379 521 2481 ut,
541 2383 648 2474 paucis
665 2382 782 2451 civibus
798 2385 946 2480 exceptis,
969 2408 1047 2479 quo·

10 2519 59 2563 um
79 2493 209 2561 nomina
220 2491 398 2586 posteritati
411 2508 482 2560 suut
502 2490 626 2578 tradita,
647 2519 740 2563 nemo
762 2493 801 2563 de
817 2493 1048 2566 averruncaudi

16 2762 19 2769 Ι
57 2693 208 2767 Persarum
226 2708 275 2747 eos
286 2693 406 2759 Graecus
416 2693 548 2762 solerent,
567 2691 618 2768 qui
637 2694 715 2767 apud
733 2693 812 2769 ipsos
829 2691 1048 2751 commoraban-

59 2793 116 2849 tur,
135 2781 262 2856 ipsisque
281 2784 479 2854 adulabantur,
498 2796 615 2843 testatur
633 2787 798 2844 Heraclides
816 2787 958 2844 Ponticus.

10 2875 49 2946 11)
68 2875 111 2932 Cf.
128 2879 194 2947 Lys.
216 2873 283 2948 ’ὖττέρ
301 2877 356 2932 τῶν
379 2875 521 2950 Ἀριστοφ.
539 2877 686 2948 χρημάτων
703 2896 732 2951 p.
746 2885 808 2938 318.
829 2899 872 2957 tq.
891 2878 937 2936 ed.
954 2877 1049 2933 Bekk.

59 2970 124 3023 Hoc
147 2969 275 3041 maxime
293 2978 355 3024 tum
374 2970 488 3027 demum
508 2970 648 3038 obtinuit,
669 2989 736 3026 oum
755 2971 906 3044 Philippus
924 2968 1049 3032 oratores

61 3071 89 3116 et
112 3062 291 3136 magistratus
313 3064 503 3123 Athenienses
527 3063 650 3134 peccunia
673 3081 857 3136 eorrumpere
879 3061 981 3135 eoepit.
1005 3061 1049 3120 Gi.

59 3155 209 3211 Demosth.
245 3156 363 3226 otynth.
391 3158 438 3210 111.
475 3174 503 3228 p.
522 3154 566 3215 sd.
607 3153 784 3229 ἀποβλέψατε
821 3152 855 3226 dri
881 3150 952 3229 πρδς
985 3151 1050 3212 roris

60 3245 148 3303 τοῦτο
166 3245 396 3318 πολιτευομένους,
415 3240 455 3302 ὦν
469 3245 498 3303 σι’
511 3247 605 3319 μέυὲκ
618 3249 736 3317 πτοιχοῖυ
750 3247 874 3305 πλοιῖσιοι
893 3252 1049 3322 γεγόνασιν,
1113 3294 1118 3303 ,
1157 3310 1161 3317 4

61 3336 90 3393 οἱ
113 3336 138 3394 δ’
156 3339 186 3403 ἐξ
210 3336 319 3402 ἀδόξων
343 3341 460 3412 ἔντιμοι,
489 3344 556 3396 ἔνιοι
580 3340 609 3396 δέ
629 3341 678 3397 τοίς
696 3338 768 3397 ἰδίας
785 3339 872 3398 οἶκοός
889 3341 945 3397 τῶν
966 3338 1051 3411 δημο-

23 3474 33 3496 ,
63 3424 130 3486 σι’ων
154 3429 381 3503 οἰκοδομημάτων
405 3422 568 3504 σεμνοτέροις
592 3431 643 3491 εἶσὶ
669 3440 925 3505 κατεσκευασμένος,
948 3427 1050 3500 ’ὅσῳοέ

64 3525 101 3579 τοὶ
124 3525 174 3593 τῆς
197 3524 302 3579 πόλεως
320 3522 423 3580 ἐλάττω
441 3531 541 3598 γέγονε,
560 3524 679 3594 τοοοεῗτῳ
697 3520 731 3581 τοὶ
749 3524 852 3582 τούτων
869 3522 989 3594 odimus.
1008 3524 1051 3591 id.¹
1066 3558 1087 3597 .'

29 3669 39 3683 ,
60 3628 160 3673 oontra
182 3617 319 3672 Aristour.
344 3636 372 3689 p.
383 3621 444 3681 619.
468 3619 516 3672 νῦν
537 3613 562 3673 ‹l’
581 3616 638 3688 ἰδίᾳ
655 3619 708 3689 μὲν
726 3613 829 3686 ἑκάστῳ
847 3618 903 3673 τοῖν
920 3617 954 3673 coi
972 3615 1052 3675 κοινοὶ

60 3706 237 3779 πραττόντων
255 3715 372 3780 concern
391 3714 531 3778 περιουσία
549 3700 631 3776 ἕστῖν,
650 3707 718 3766 ὥστε
735 3712 807 3766 τινὲς
822 3713 873 3782 μὲν
884 3706 1052 3767 cuicuimod-

62 3799 118 3857 λοῖν
145 3802 282 3873 δημοσίων
307 3800 532 3875 οἰκοδομημάτων
555 3809 716 3875 σεμνοτέρας
737 3803 787 3860 τοῖς
813 3801 885 3860 ἰδίοις
908 3823 1050 3862 κατεσκευ-

62 3892 159 3950 άκασιν
178 3892 273 3951 οἰκίας.
427 3938 433 3949 ,
799 3900 802 3911 “

11 3989 58 4055 12)
78 3987 119 4043 Gi.
136 3988 292 4043 Demosth..
303 3998 401 4044 eontra
416 3989 553 4046 Timoth„
566 4008 597 4062 p.
608 3986 672 4050 l25.

11 4083 51 4150 ta)
70 4080 256 4137 Athenienses
278 4098 396 4156 quoque
418 4086 527 4156 templo
549 4082 691 4154 Delphico
714 4083 866 4158 sacrilegus
890 4081 1053 4159 admovisse

62 4187 168 4226 munus
184 4183 277 4229 narrat
293 4172 378 4230 Diod.
397 4175 453 4230 Sic.
471 4177 550 4242 XVI,
570 4182 614 4234 57.
636 4172 683 4244 τῆς
705 4173 735 4230 dl
756 4171 813 4231 ‘coia
837 4171 931 4248 lapda.
947 4171 1054 4245 χρημοΐ·

61 4286 119 4320 των
143 4265 252 4336 φθορᾶς
275 4266 329 4338 τήν
350 4268 403 4338 μὲν
425 4262 491 4338 ὅλην
513 4266 669 4345 ἐπιγραφήν
692 4269 773 4360 ἔσχον
789 4272 907 4338 Φωκεῖς,
924 4269 1054 4338 μετέσχον
