2790 4986
637 200 840 326 ’σε

284 461 353 531 init.
399 456 563 556 Δημάδης
591 457 656 546 μέν
690 455 759 553 γάρ
779 453 899 535 αὑτάς
927 450 969 554 ἦν
1004 456 1172 549 ναυάγιον
1200 457 1265 557 τῆς
1289 460 1342 531 πό-

265 581 378 660 λεως,
401 570 508 651 οὕτως
529 567 680 660 οἷσελγῶς
700 564 830 658 βιώσας
857 568 918 637 καὶ
946 568 1251 657 πολιτευσάμενος,
1278 570 1343 643 ὥστ’

284 681 514 777 Ἀντίπατρον
536 673 641 753 εἰπεῖν
663 677 711 748 ἐπ’
735 676 847 748 αὐτοῦ
869 681 1032 773 γέροντος
1058 677 1124 777 ἤδη
1155 677 1345 769 γεγονότος,

287 793 350 881 ὅτι,
373 787 533 887 καθάπερ
554 795 681 887 ἱερείου
705 793 999 885 διαπεπραμένου,
1027 788 1161 880 γλῶσσα
1192 793 1254 860 καὶ
1283 820 1346 862 και·

287 911 346 981 λία
367 902 479 992 μόνον
500 901 750 972 ἀπολέλειπται.
772 896 827 984 (cf.
848 897 1011 992 Apophth.
1032 897 1091 967 lac.
1101 925 1135 993 p.
1150 904 1214 968 183
1236 904 1279 970 Ε.
1301 902 1346 970 ed

286 1015 374 1108 Xyl.)
420 1012 517 1082 Lucri
538 1028 661 1081 tantum
683 1025 715 1078 et
741 1008 901 1078 aviditatis
935 1008 1099 1078 satiandae
1121 1032 1217 1078 causa
1240 1036 1346 1103 geren-

288 1125 363 1194 dam
384 1120 613 1217 rempublicam
636 1119 773 1215 putavit,
811 1144 944 1213 eamque
967 1119 1136 1212 capessivit
1163 1119 1253 1214 ipse,
1288 1145 1347 1189 non

72 1298 75 1305 .
187 1290 190 1295 .
287 1233 366 1305 tanti
387 1233 544 1303 civitatem
565 1230 684 1301 faciens
707 1254 802 1324 quam
834 1230 987 1299 luxuriam
1010 1233 1153 1309 snam⁶⁷)
1189 1228 1249 1316 (cf.
1265 1230 1349 1302 Plut

187 1371 190 1379 ·
289 1342 329 1416 de
350 1343 454 1439 cupid.
477 1342 577 1411 divitt.
600 1367 632 1435 p.
647 1348 709 1411 525
727 1341 796 1422 B.);
831 1365 850 1409 a
872 1339 1036 1411 Phocione
1059 1340 1234 1408 admodum
1248 1342 1347 1412 diver·

210 1476 212 1485 ·
288 1481 352 1540 sus,
376 1453 430 1549 qui
453 1453 581 1546 quidem
602 1452 635 1519 in
657 1450 806 1545 pauperie
840 1467 870 1520 et
899 1466 1035 1544 egestate
1065 1475 1222 1518 summum
1253 1476 1348 1545 pone·

288 1566 346 1636 bat
366 1564 530 1635 honorem.
554 1560 719 1643 Plutarch.
742 1560 895 1630 Phno'c.
909 1560 1019 1628 XXX.
1042 1565 1185 1635 Φωκίων
1209 1560 1279 1651 μέν
1309 1561 1350 1642 ως

289 1672 420 1773 άρειήν
440 1676 657 1745 ἐπεδείκνυτο
679 1670 742 1769 τήν
763 1676 893 1777 πενίαν,
916 1669 996 1766 ἕνῇ
1016 1668 1351 1771 τασαυτάκιςἈδ-η-

289 1790 405 1860 ναίων
418 1782 668 1881 στρατηγήσας,
695 1785 754 1853 καί
780 1781 961 1874 βασιλεῦσι
993 1789 1107 1880 φίλοις
1131 1782 1351 1880 χρησάμενος

124 1956 129 1963 .
198 1896 223 1935 “““
288 1894 544 1999 ἐγκατεγήρασε.
599 1894 754 1962 Eiusdem
787 1914 913 1962 amores
953 1892 1094 1989 impuros
1135 1910 1167 1963 et
1196 1895 1351 1991 intempe-

291 2006 374 2076 stiva
396 2003 556 2088 convivia,
578 2003 784 2097 insanamque
806 2003 998 2097 perpotandi
1019 2003 1232 2100 epulandique
1268 2005 1350 2099 eupi-

253 2118 257 2157 ³
291 2116 424 2201 dilatem
451 2113 569 2208 optime
597 2112 738 2207 depinxit
765 2111 900 2207 Pytheas
928 2138 979 2208 ap.
1008 2113 1125 2183 Athen.
1145 2114 1188 2182 Π.
1219 2140 1254 2208 p.
1279 2119 1351 2192 17⁰.

289 2222 403 2299 Ἀλλά
435 2221 515 2302 τούς
549 2223 616 2295 νῦν
644 2220 868 2322 δημαγωγοτλς
900 2223 1021 2322 ὁρᾶτε,
1055 2227 1269 2322 Δημοσθένη
1296 2230 1352 2298 καὶ

270 2333 471 2432 Δημάδην,
491 2335 537 2414 ὠς
558 2337 724 2413 ἐναντίως
744 2343 814 2413 τοῖς
829 2340 923 2425 βίοις
937 2333 1138 2408 διάκεινται·
1160 2335 1265 2426 ὁμέν
1286 2335 1352 2432 γάρ

200 2431 205 2441 ι
291 2443 493 2540 ὑδροποτῶν
514 2447 573 2515 καὶ
593 2443 768 2539 μεριμνῶν
789 2442 852 2523 τάς
879 2443 1021 2533 νύκτας,
1056 2446 1101 2525 οἷς
1130 2452 1246 2542 φασίν·
1270 2447 1294 2518 ὁ
1317 2447 1352 2519 δέ

292 2551 544 2651 πορνοβοσκῶν
566 2557 626 2622 καὶ
645 2552 902 2642 μεθυσκόμενρς
923 2553 1012 2626 κατά
1034 2552 1097 2651 τήν
1115 2557 1250 2655 ἦμεραν
1269 2554 1352 2630 ε’κά-

292 2695 387 2764 στην,
409 2661 611 2765 προγάστωρ
632 2663 715 2761 ἡμῖν
736 2666 777 2734 ἐν
790 2672 865 2742 ταῖς
883 2665 1077 2761 ’ἐκκλησίαις
1098 2665 1351 2741 demutent.

292 2777 368 2873 quin
390 2792 422 2845 et
443 2774 582 2844 vestibus
604 2775 797 2868 sumptuosis
820 2775 956 2862 indutus,
977 2777 1205 2869 unguentisque
1230 2777 1352 2848 delibu-

291 2901 341 2956 tus
363 2884 509 2956 irridetur
529 2907 550 2953 a
576 2881 740 2954 Phocione
766 2886 847 2955 Plut.
876 2884 979 2954 Phoe.
995 2913 1022 2956 c.
1039 2886 1114 2954 XX.
1136 2884 1298 2969 εἰπόντος
1319 2889 1354 2962 δέ
1390 2918 1392 2929 ·

290 2997 354 3068 τοῦ
376 2991 544 3092 Δημάδου
566 2991 650 3089 πρὸς
670 2991 787 3065 αὐτόν·
808 3000 865 3077 ,τί
882 2992 926 3067 ου’
947 2996 1127 3086 πείδομεν,
1149 2993 1188 3065 τά
1200 3002 1353 3087 Φωκίων,

299 3110 506 3202 Αδηναίους
537 3101 602 3197 τήν
636 3101 846 3204 Λακωνικήν
873 3110 1128 3204 προσδέξασθαι
1151 3101 1354 3193 Ιτιολιτείωνς

291 3212 355 3288 ε’άν
385 3213 454 3312 γάρ
487 3209 527 3285 οὐ
554 3212 708 3308 κελεύῃς,
740 3212 806 3306 ε’γοδ
827 3215 972 3314 γράφειν
1002 3221 1062 3290 καὶ
1083 3221 1197 3311 λέγειν
1218 3220 1354 3311 ἕτοιμός

291 3379 504 3401 *finan-

291 3484 340 3552 57)
358 3477 464 3536 Iooiroo
490 3480 596 3537 iustum
621 3467 715 3539 videri
737 3493 830 3557 potest
861 3486 939 3568 quod
964 3487 999 3542 de
1024 3504 1058 3543 eo
1082 3487 1168 3542 refert
1190 3488 1301 3544 Seneca
1319 3489 1354 3545 de

361 3571 543 3647 benefio.Vl,
559 3583 603 3634 38.
648 3582 704 3645 „In
731 3577 904 3650 quidusdam
927 3580 1092 3635 ciuitatibus
1114 3583 1225 3649 impium
1259 3593 1354 3638 votum

361 3666 477 3721 scalaria
495 3669 581 3722 ricem
598 3673 698 3723 tenuit.
732 3654 869 3741 Dimadea
886 3682 959 3727 cem
975 3674 1095 3728 Athenis
1117 3674 1176 3728 eum
1193 3674 1244 3746 qui
1252 3694 1355 3731 neees-

361 3761 441 3814 εατία
448 3760 602 3831 funeribus
614 3764 787 3831 venditabat,
802 3766 951 3834 damnavit,
967 3784 1048 3837 quum
1058 3767 1207 3837 probasset
1220 3787 1355 3840 magnum

363 3853 470 3907 lucrum
493 3865 621 3928 optasse:
651 3859 726 3928 quod
750 3859 913 3932 contingere
939 3858 984 3914 itti
1005 3861 1068 3915 sine
1098 3862 1242 3915 multotum
1266 3873 1353 3917 morta

362 3964 419 4018 non
444 3954 569 4018 poterat.
612 3952 716 4023 Quaeri
739 3952 830 4006 temen
855 3934 925 4006 solet
947 3970 987 4008 απ
1008 3955 1106 4007 merito
1130 3956 1284 4009 domuum
1306 3958 1350 4011 sit.

362 4046 496 4096 Fortasse
507 4043 682 4117 ογεανίτιποπ
699 4053 732 4097 ια
744 4044 839 4098 multis
851 4045 991 4115 venderet,
1009 4048 1061 4102 aed
1072 4057 1104 4103 ut
1116 4065 1200 4107 euve:
1218 4056 1351 4123 στρατη

361 4133 417 4188 atti
434 4143 598 4193 constarent
614 4152 686 4208 quae
704 4137 867 4195 uenditum
884 4142 988 4196 mae.“
