2692 4972
695 39 745 75 ou

615 111 823 125 --.-.....,.

145 160 311 301 mil.
322 212 382 279 καί
392 206 553 297 ἀλλαχοῦ
564 235 632 275 nov
648 203 761 277 πάλιν·
778 208 875 300 (qood
888 222 997 303 aperte
1006 210 1190 277 mutandum
1215 208 1250 278 in

145 288 236 395 *⁴
300 316 414 407 πόλιν)
437 314 478 387 οὐ
499 315 563 409 τήν
586 318 642 386 ἐπὶ
664 314 844 413 προγόνων
857 315 924 410 τὴν
944 317 1138 411 ναύμαχον,
1161 318 1254 391 ἆλλοῖ

301 430 422 524 γραῦν,
444 426 613 499 σανδάλια
633 428 889 527 ὑποδεδεμίνην
917 434 977 500 καὶ
999 426 1168 523 ,πτισάνην
1190 434 1250 527 ῥο-

285 542 431 635 priuato

145 650 231 723 τὸ
251 646 318 739 pte
339 646 406 745 γαρ
434 650 546 745 γραῦν
571 647 804 746 ἀλληγορικόν
830 651 910 721 οἷντὶ
939 652 1002 721 τοῦ
1030 648 1167 749 douae}
1194 652 1254 721 καὶ

145 754 345 852 ἐξίτηλον
365 762 441 857 ἤδη,
462 764 519 829 καὶ
547 759 624 850 ἅμα
654 766 827 856 ἐμφαῖνον
855 759 920 853 την
947 761 1120 856 άιλρανίαν
1148 758 1254 851 αὐτῆς

145 866 435 966 &reponendo
457 867 501 959 cti
521 870 560 940 δι’
582 869 748 969 πτισάνην
771 876 945 968 ῥοφῶσοιν,
967 873 1089 943 ἕνιεὶὲν
1110 896 1255 965 κρεανο-

151 986 288 1061 μίαις
309 979 387 1052 τότε
420 984 480 1051 καὶ
516 988 735 1061 πανδαισίαις
762 980 961 1073 διάγουσαν,
996 976 1185 1052 ἀπολλύειν
1208 974 1255 1049 ul

159 1089 418 1187 στρατιωτικοὶ
438 1090 610 1189 χρήματα.
635 1099 663 1179 §.
676 1095 750 1163 304.
772 1098 847 1189 περὶ
867 1094 935 1182 μὲν
957 1086 1021 1163 οὖν
1043 1090 1103 1187 της
1129 1093 1254 1183 Δημα-

171 1206 287 1273 det'ou
311 1200 504 1296 δεινότητος
526 1200 627 1301 ἀρκεῖ
645 1205 801 1273 τοσαῦτα·
823 1209 934 1274 καίτοι
957 1200 1104 1297 ἐχούσης
1124 1232 1159 1271 τι
1180 1200 1256 1271 ἕντι-

175 1315 337 1408 σφαλίς,
375 1316 434 1383 καὶ
464 1311 526 1383 οὐκ
561 1310 748 1408 εὐμίμητον
776 1312 884 1404 μάλα.
912 1318 1021 1385 ε”νεστι
1043 1311 1118 1409 γάρ
1141 1342 1175 1381 τι
1196 1312 1255 1379 καὶ

180 1418 373 1517 ποιητικὸν
406 1424 454 1514 τῷ
483 1430 574 1493 elidet.
605 1431 674 1514 εἴγε
704 1426 885 1517 ποιητικόν
912 1427 933 1523 ἦ
964 1423 1157 1521 ἀλληγορία
1194 1422 1257 1490 acal

182 1529 369 1631 ὑπερβολη
389 1537 448 1603 καὶ
470 1541 624 1631 ἔμφασις.
653 1533 831 1627 ποιητικόν
853 1536 891 1606 d'e'
917 1532 1041 1624 μικτόν
1067 1536 1258 1631 κωμῳδίας.

283 1644 428 1726 „Gravia
450 1660 554 1712 autem
577 1661 608 1712 et
632 1644 785 1713 Demadis
810 1647 910 1730 dicta,
944 1646 1003 1713 etsi
1031 1644 1197 1738 proprium
1224 1654 1258 1709 et

191 1751 350 1831 absonum
374 1778 472 1845 genus
495 1752 611 1823 habere
633 1756 786 1827 videntur.
841 1756 990 1824 Exoritur
1012 1771 1119 1825 autem
1147 1774 1258 1821 eorum

192 1863 334 1956 gravitas
357 1890 395 1932 ex
423 1863 642 1957 emphasibus,
671 1865 745 1932 dein
774 1891 811 1933 ex
839 1865 1010 1963 allegorico
1040 1863 1178 1958 quodam
1205 1882 1260 1929 as·

193 1990 339 2066 sumpto,
374 1989 406 2042 et
429 1975 514 2066 quod
545 1974 670 2042 tertium
693 1990 739 2042 est
773 2001 810 2042 ex
833 1975 1017 2068 hyperbole.
1075 1970 1261 2042 Cuiusmodi

193 2100 246 2153 est
268 2082 362 2152 illud:
400 2108 466 2151 non
487 2100 629 2152 mortuus
651 2100 700 2151 est
722 2085 918 2169 Alexander,
956 2084 1016 2152 viri
1038 2081 1259 2164 Athenienses,

194 2210 282 2277 totus
305 2196 389 2263 enim
411 2210 564 2262 terrarum
587 2194 673 2262 urbis
689 2195 826 2265 cadaver
841 2195 955 2263 oleret:
977 2195 1055 2265 illud
1071 2192 1156 2271 enim
1178 2189 1260 2269 ule·

196 2321 273 2390 ret,
295 2306 434 2400 positum
457 2331 516 2399 pro
541 2305 712 2373 sentiret
735 2305 938 2397 allegoricum
961 2322 1009 2375 est
1032 2321 1062 2374 et
1085 2300 1180 2371 simul
1202 2302 1260 2394 hy·

198 2416 408 2510 perbolicunr;
441 2433 473 2484 et
494 2416 572 2483 illud
594 2430 715 2482 totum
738 2432 930 2483 terrarum
954 2417 1089 2482 orhem
1112 2412 1262 2481 sentire

199 2526 339 2594 declarat
361 2524 543 2619 emphatico·
563 2525 659 2591 modo
687 2526 864 2618 potentiam
887 2525 1072 2595 Alexandri.
1104 2539 1136 2591 ct
1167 2521 1261 2589 sirnul

201 2637 353 2731 quiddam
376 2637 417 2704 ad
440 2627 642 2704 iniiciendum
666 2651 815 2703 terrorem
840 2652 947 2728 aptum
971 2634 1068 2702 halet
1095 2658 1133 2701 ea
1160 2630 1262 2701 oratio

200 2741 363 2827 collectum
386 2773 425 2815 ex
446 2744 510 2814 illis
535 2746 822 2839 t1·ibus;‘quicquid
846 2760 952 2813 autem
974 2743 1260 2826 terroreminiiclt,

201 2882 297 2949 grave
320 2858 471 2950 quiddam
495 2871 551 2939 est,
575 2856 648 2950 quia
682 2855 842 2925 horribile.
899 2856 1054 2922 Eiusdem
1078 2850 1208 2947 generis¹
1230 2870 1262 2923 et

200 2970 297 3038 illud:
319 2967 379 3036 hoc
402 2964 599 3060 plebiscitum
627 2991 692 3034 non
723 2992 782 3060 ego
806 2967 937 3061 scripsi,
962 2967 1019 3033 sed
1040 2966 1158 3034 bellum
1180 2962 1262 3031 Ate-

202 3077 315 3147 xandri
338 3076 427 3144 hasta
451 3076 601 3144 scribens.
646 3076 691 3143 Et
712 3078 807 3145 illud:
830 3076 940 3145 similis
970 3076 1053 3143 enirn
1080 3090 1129 3143 est
1152 3073 1264 3143 lllace-

204 3175 322 3265 donum
345 3186 509 3269 exercitus,
533 3186 652 3253 amisso
669 3186 860 3271 Alexandro,
885 3185 1018 3279 Cyclopi
1034 3176 1212 3253 excaecato}
1231 3200 1264 3253 et

203 3299 299 3370 illud:
320 3296 549 3391 rempublicam
570 3322 635 3364 uon
656 3311 692 3364 ut
713 3298 867 3365 maiorum
891 3313 992 3365 aetate
1015 3295 1266 3390 pugnantem-iu

204 3410 349 3493 navitus,
374 3409 430 3489 sed
453 3430 547 3475 anum
570 3406 715 3475 sandalia
737 3408 889 3492 indutam,
912 3408 943 3476 et
957 3407 1116 3502 ptisanam
1132 3406 1264 3475 sorlren·

206 3538 278 3590 tem.
297 3558 302 3569 ι
322 3518 406 3587 Illud
431 3517 514 3586 enim
536 3544 647 3586 anum
670 3518 836 3613 allegorice
866 3519 972 3588 dicunt
986 3542 1045 3613 pro
1066 3515 1266 3586 infirmam

207 3647 238 3699 et
259 3635 338 3699 iam
360 3646 676 3714 evanescentem,
705 3647 736 3697 et
764 3657 827 3700 uua
849 3630 1043 3726 patefaciens
1066 3624 1265 3696 imbecillita-

207 3744 277 3810 tem'
293 3742 393 3834 ipsius
417 3739 619 3834 hyperbolico
634 3742 748 3824 mod03
769 3742 848 3811 illud
864 3742 948 3810 enim
969 3740 1165 3836 ptisanam
1187 3748 1266 3807 so'r·

210 3854 379 3937 beritum,
402 3852 475 3947 quia
498 3852 637 3920 convivis
660 3868 725 3919 tum
751 3868 782 3920 et
804 3851 904 3949 epulis
927 3868 995 3922 tota
1025 3848 1133 3918 dedita
1154 3848 1266 3943 deper-
