2692 4972
734 377 788 457 1⁰

182 632 185 641 .
230 580 447 683 Medorum
469 585 550 661 votis
573 606 695 663 morem
716 580 871 677 gererebt,
893 602 926 656 et
947 585 1026 680 ipsis
1048 569 1146 655 etiam
1170 583 1297 654 nutibus

228 680 408 783 'obedirent
430 713 537 797 utque,
560 696 720 793 quomodo
742 696 886 792 ipsorum
912 697 1091 792 potentiam
1120 719 1226 790 quam
1249 721 1295 765 ce-

230 807 356 891 lerrime
384 831 511 900 augere,
529 824 562 879 et
593 806 780 878 confirmare
813 825 960 902 possent,
990 809 1077 877 omni
1104 798 1297 902 quaererent

224 917 354 1002 sualim
377 917 451 987 ideo
473 917 608 1015 adflictis
629 944 668 989 ac
689 943 771 1013 pene
793 917 961 1013 prostratis
989 917 1163 988 infelicium
1195 916 1296 988 Athe·

104 1106 109 1121 ·
229 1046 343 1109 narum
380 1028 491 1115 rebus,
534 1029 697 1124 unicisqne
727 1027 894 1123 praesidiis
931 1025 1123 1123 reipublicae
1170 1028 1296 1096 amissis

111 1210 114 1215 .
229 1135 395 1209 calamitas
422 1155 512 1208 tanta
528 1138 617 1225 -suit,
640 1155 698 1229 ¹ut,
730 1139 758 1208 si
786 1138 927 1209 eiusdem
956 1143 1090 1208 oratoris
1119 1141 1165 1209 uti
1203 1140 1299 1208 liceat

229 1248 348 1335 verbis,
371 1247 458 1330 buius
481 1253 581 1321 vitam
603 1248 825 1343 explicandam
846 1249 880 1318 in
900 1275 953 1319 me
975 1249 1115 1344 suscepi,
1137 1247 1298 1340 ναυάγια

228 1373 351 1429 tantum
372 1360 431 1456 τῆς
451 1359 582 1441 πόλεως
603 1360 853 1454 administranda
867 1377 1080 1455 superessent.
1124 1359 1205 1428 Duo
1230 1359 1297 1426 fere

152 1552 155 1559 Ι
229 1484 353 1539 tautum
374 1470 550 1561 existebant
578 1471 652 1556 riri,
683 1494 791 1542 amore
812 1470 918 1565 patria
944 1471 1081 1554 incensi,
1109 1470 1299 1539 universam

228 1579 344 1661 civium
360 1596 397 1677 =et
410 1566 649 1674 perversitatem
671 1596 703 1651 et
717 1580 941 1675 negligentiam
955 1605 1050 1675 aegre
1064 1580 1216 1665 serentes,
1238 1579 1299 1647 im-

228 1689 466 1785 minentemque·
488 1690 679 1786 reipublicae
700 1693 934 1786 praesagientes
955 1692 1130 1776 interitnm3
1151 1714 1300 1785 ‚quorum

230 1800 311 1883 alter
325 1800 564 1883 Demosthenes
580 1802 850 1896 corruptissimum
866 1818 1022 1898 quemque
1040 1804 1299 1897 demagogornm

230 1910 398 2007 qpigratia
410 1897 496 2007 apud
506 1911 658 2008 populum
670 1929 703 1983 et
713 1913 896 1983 auctoritate
912 1913 1063 2001 valerent,
1084 1939 1125 1983 ne
1141 1912 1299 1984 scelerum

230 2023 380 2114 contagio
401 2022 511 2119 paucis
533 2023 633 2093 bonis·
643 2024 800 2108 obessent,
821 2025 1014 2120 reprimebat
1028 2024 1133 2117 legum
1148 2022 1298 2108 habenis,

194 2138 198 2156 '
224 2124 394 2213 'et2omnes
418 2133 500 2202 vires
514 2158 589 2205 suas
604 2135 646 2203 ad
660 2159 715 2203 eos
731 2134 986 2204 exterminandos
1002 2134 1197 2219 conferebat,
1214 2135 1298 2204 eius·

231 2264 297 2339 que:
313 2244 357 2315 rei
373 2266 470 2315 cansa
483 2242 604 2315 unllam
619 2245 836 2332 offensionem,
858 2246 978 2314 nnllam
994 2244 1201 2329 simultatem,
1225 2243 1298 2315 nul·

50 2374 54 2381 '
128 2352 131 2357 ’
176 2408 181 2415 ,
228 2355 298 2431 lum
319 2355 441 2440 odium,¹
460 2354 582 2431 nullam
605 2357 740 2449 deniqne
764 2355 874 2450 capitis
897 2356 1129 2429 dimicationem
1151 2356 1217 2425 sibi
1241 2381 1299 2423 un·

230 2490 326 2563 quam
347 2465 571 2559 defugiendam
592 2467 732 2563 putavit,
763 2482 857 2559 atque
880 2467 913 2535 in
935 2467 1131 2537 orationibus
1153 2467 1299 2535 rationes

231 2576 421 2672 eaponcbat,
445 2576 557 2669 quibus
580 2576 758 2672 respublica
785 2577 812 2645 si
833 2568 954 2645 nonin
976 2578 1142 2672 pristinum
1172 2576 1300 2645 restitui

203 2752 206 2757 .
233 2687 448 2784 splendorem,
461 2701 494 2753 at
505 2685 595 2754 ruina
608 2703 691 2755 certe
703 2686 770 2756 eins
783 2686 900 2755 differri
916 2704 1039 2782 posset3
1063 2687 1143 2756 alter
1159 2686 1298 2770 Phocio,

232 2812 328 2893 quem
347 2797 473 2871 unicum
494 2794 695 2890 eloquentiae
718 2820 794 2867 suae
806 2796 963 2867 aemulum
978 2797 1207 2867 reformidabat
1226 2797 1298 2865 De-

231 2909 415 2979 mosthenes
428 2909 491 2993 ²¹),
512 2906 599 2976 vultu
622 2910 748 2977 austero
771 2909 945 3005 praeditus,
969 2925 1000 2977 et
1023 2908 1138 3001 insigni
1155 2909 1299 3001 quadam

231 3022 329 3091 animi
343 3019 495 3113 gravitate
512 3017 665 3088 excellens
679 3035 711 3087 et
725 3019 942 3089 moderatione
956 3035 1049 3112 atque
1066 3020 1148 3087 vitae
1164 3018 1299 3111 integri·

170 3156 176 3165 ·
231 3148 307 3215 tate,
332 3131 444 3224 quibus
468 3128 630 3196 virtutibus
654 3130 741 3197 omni
763 3146 828 3198 tam
850 3129 933 3199 clare
963 3129 1129 3224 praefulsit
1152 3148 1299 3222 tempore

232 3261 268 3314 ut
288 3232 416 3311 nomine
439 3238 514 3307 viri
535 3239 630 3306 boni
653 3241 811 3308 communi
834 3242 974 3309 omnirmr
997 3256 1162 3308 ornaretur
1183 3238 1297 3307 suffra·

233 3356 351 3452 g'i'0²');
373 3353 485 3420 inanes
509 3374 584 3418 vero
607 3366 638 3418 ct
661 3351 736 3420 vani
757 3340 883 3420 fuembt
905 3349 1050 3443 generosi
1072 3375 1180 3418 eorum
1202 3347 1298 3418 labo·

232 3517 445 3542 anfi-

241 3613 287 3682 21)
302 3604 444 3667 Plutarch.
461 3606 548 3663 Phoc.
572 3620 597 3667 ο.
615 3608 654 3667 V.
689 3602 723 3661 ‘0
740 3602 771 3660 δὲ
788 3607 967 3675 Δημοσθένην
989 3603 1046 3661 τῶν
1067 3605 1120 3676 μὲν
1136 3598 1228 3658 ἄλλων
1247 3626 1302 3659 κα-

249 3741 254 3748 ·
282 3696 432 3773 .requvet
449 3697 520 3752 meld
548 3699 683 3770 ῥητόρων,
706 3694 887 3768 ἀνισταμένου
910 3695 941 3752 df
965 3700 1110 3752 Φωκίωνος
1130 3691 1230 3751 εἰώθει
1254 3697 1300 3752 λέ-

305 3814 362 3868 γειν
376 3792 486 3863 ,ἀτρέμα
502 3788 571 3864 πρός
588 3789 649 3847 rods
666 3789 767 3863 φίλους·
795 3786 854 3863 ,,Ἦ
867 3787 1014 3861 τῶνωζωῶν
1032 3785 1120 3863 λόγων
1143 3788 1224 3845 uortls
1243 3785 1299 3845 troi-

304 3889 424 3957 ρεστιν.“

244 3985 293 4054 22)
311 3978 392 4041 Suid.
412 3995 435 4040 ³.
453 3994 483 4035 v.
502 3977 627 4035 Φιλίσκον
644 3972 803 4050 Αἰγινήτην.
820 3976 924 4050 ἐγένετο
942 3976 971 4033 δὲ
995 3971 1079 4033 adreci
1101 3972 1233 4048 ὅμιλνγιὴν
1251 3982 1299 4031 καὶ

306 4076 429 4136 Φωκίων,
448 4067 463 4124 ὁ
480 4065 602 4142 χρηστός.
621 4072 804 4144 Diogbaert.
824 4071 854 4125 in
869 4069 1179 4142 Diogen.rit.lib.V1.
1200 4071 1300 4141 Segrn.

308 4168 353 4229 76.
378 4183 408 4237 p.
424 4170 486 4224 350.
510 4164 554 4226 ed.
580 4163 718 4220 Meibom.
737 4160 831 4234 ἤκουσε
849 4162 879 4219 dd
897 4160 979 4219 αὐτοῦ
1004 4170 1049 4217 καὶ
1066 4165 1182 4217 Φωκίων
1201 4158 1216 4216 ὁ
1235 4162 1301 4219 ἓπί-

307 4257 375 4330 πλην
392 4256 513 4327 χρησέόε.
533 4257 575 4318 Ol.
593 4257 694 4332 Aegid.
714 4260 826 4333 Menag.
851 4256 999 4339 observet,
1020 4255 1056 4309 ed
1082 4255 1111 4315 h.
1141 4258 1163 4317 1.
1188 4272 1217 4326 p.
1232 4263 1299 4317 253.
